@book{gen-intro,
	Address = {Cambridge, Mass.},
	Author = {Mitchell, Melanie},
	Publisher = {MIT Press},
	Title = {An introduction to genetic algorithms},
	Year = {1996}}
